<?xml version="1.0" encoding="UTF-8"?>
<record xmlns="http://www.loc.gov/MARC21/slim" xmlns:xsi="http://www.w3.org/2001/XMLSchema-instance" xsi:schemaLocation="http://www.loc.gov/MARC21/slim http://www.loc.gov/standards/marcxml/schema/MARC21slim.xsd">
<leader>     cam a2200313 i 4500</leader>
<controlfield tag="001">002177801</controlfield>
<controlfield tag="003">NNU</controlfield>
<controlfield tag="005">20061010172315.0</controlfield>
<controlfield tag="008">930615s1970    ir       b    000 0 arar</controlfield>
<datafield tag="010" ind1=" " ind2=" ">
<subfield code="a">75972958</subfield>
</datafield>
<datafield tag="035" ind1="9" ind2=" ">
<subfield code="a">NYUb11210190</subfield>
</datafield>
<datafield tag="035" ind1=" " ind2=" ">
<subfield code="a">(CStRLIN)NYUG93-B28336</subfield>
</datafield>
<datafield tag="040" ind1=" " ind2=" ">
<subfield code="c">NNU</subfield>
<subfield code="d">NNU</subfield>
</datafield>
<datafield tag="050" ind1=" " ind2="0">
<subfield code="a">BP130.4</subfield>
<subfield code="b">.R35 1970</subfield>
</datafield>
<datafield tag="066" ind1=" " ind2=" ">
<subfield code="c">(3</subfield>
</datafield>
<datafield tag="090" ind1=" " ind2=" ">
<subfield code="a">BP130.4</subfield>
<subfield code="b">.R35 1970</subfield>
</datafield>
<datafield tag="100" ind1="1" ind2=" ">
<subfield code="a">Rāzī, Muḥammad ibn Abī Bakr,</subfield>
<subfield code="d">fl. 1261</subfield>
<subfield code="6">880-01</subfield>
</datafield>
<datafield tag="240" ind1="1" ind2="0">
<subfield code="a">Masāʼil al-Rāzi wa-ajwibatuhā</subfield>
</datafield>
<datafield tag="245" ind1="1" ind2="0">
<subfield code="6">880-02</subfield>
<subfield code="a">Tafsīr asiʼlat al-Qurʼān al-majīd wa-ajwibatuhā /</subfield>
<subfield code="c">taṣnīf Zayn al-Dīn Muḥammad ibn Abī Bakr ibn ʻAbd al-Qādir al-Rāzī al-Ḥanafī ; qaddamahu wa-dhayyalahu wa-nasharahu Muḥammad ʻAlī al-Anṣārī.</subfield>
</datafield>
<datafield tag="260" ind1=" " ind2=" ">
<subfield code="6">880-03</subfield>
<subfield code="a">Qum :</subfield>
<subfield code="b">Muḥammad ʻAlī al-Anṣārī,</subfield>
<subfield code="c">1970.</subfield>
</datafield>
<datafield tag="300" ind1=" " ind2=" ">
<subfield code="a">48, 5, 390 p. ;</subfield>
<subfield code="c">25 cm.</subfield>
</datafield>
<datafield tag="500" ind1=" " ind2=" ">
<subfield code="a">Reprint of the 1961 ed. published by Muṣṭafá al-Bābī al-Ḥalabi, Cairo.</subfield>
</datafield>
<datafield tag="504" ind1=" " ind2=" ">
<subfield code="a">Bibliography : p.2 (2nd group)</subfield>
</datafield>
<datafield tag="630" ind1="0" ind2="0">
<subfield code="a">Koran</subfield>
<subfield code="x">Criticism, interpretation, etc.</subfield>
</datafield>
<datafield tag="630" ind1="0" ind2="0">
<subfield code="a">Koran</subfield>
<subfield code="x">Language, style.</subfield>
</datafield>
<datafield tag="700" ind1="1" ind2=" ">
<subfield code="a">Anṣārī, Muḥammad ʻAlī.</subfield>
</datafield>
<datafield tag="880" ind1="0" ind2=" ">
<subfield code="6">100-01/</subfield>
<subfield code="a">محمد ابن ابى بكر ابن القادر الرازى الحنفى.</subfield>
</datafield>
<datafield tag="880" ind1="1" ind2="0">
<subfield code="6">245-02/</subfield>
<subfield code="a">تفسير اسئلة القرٱن المحيد وأجوبتها /</subfield>
<subfield code="c">تصنيف زين الدين محمد ابن ابى بكر ابن القادر الرازى الحنفى ؛ قدمه وذيله ونشره محمد على الانصارى</subfield>
</datafield>
<datafield tag="880" ind1=" " ind2=" ">
<subfield code="6">260-03/</subfield>
<subfield code="a">قم :</subfield>
<subfield code="b">محمد على الانصارى،</subfield>
<subfield code="c">1970.</subfield>
</datafield>
<datafield tag="OWN" ind1=" " ind2=" ">
<subfield code="a">GENERAL</subfield>
</datafield>
<datafield tag="998" ind1=" " ind2=" ">
<subfield code="a">19940922</subfield>
<subfield code="d">19930615</subfield>
<subfield code="d">20010303</subfield>
<subfield code="n">NNU</subfield>
<subfield code="s">1</subfield>
<subfield code="t">c</subfield>
<subfield code="z">p</subfield>
</datafield>
<datafield tag="AVA" ind1=" " ind2=" ">
<subfield code="a">NYU50</subfield>
<subfield code="b">BOBST</subfield>
<subfield code="c">Main Collection</subfield>
<subfield code="d">BP130.4 .R35 1970</subfield>
<subfield code="e">unavailable</subfield>
<subfield code="t">Unavailable</subfield>
<subfield code="f">1</subfield>
<subfield code="g">1</subfield>
<subfield code="h">N</subfield>
<subfield code="i">0</subfield>
<subfield code="j">MAIN</subfield>
<subfield code="k">0</subfield>
</datafield>
</record>
